@comment{x-kbibtex-personnameformatting=<%l><, %f>}

@article{nooren2003diversity,
	author = {Nooren, Irene and Thornton, Janet M},
	journal = {The EMBO Journal},
	number = {14},
	pages = {3486--3492},
	publisher = {Wiley Online Library},
	title = {{Diversity of protein--protein interactions}},
	volume = {22},
	year = {2003}
}

@article{correa2014potent,
	author = {Correa, Agust{\'i}n and Pacheco, Sabino and Mechaly, Ariel E and Obal, Gonzalo and B{\'e}har, Ghislaine and Mouratou, Barbara and Oppezzo, Pablo and Alzari, Pedro M and Pecorari, Fr{\'e}d{\'e}ric},
	journal = {PloS One},
	number = {5},
	pages = {e97438},
	publisher = {Public Library of Science},
	title = {{Potent and Specific Inhibition of Glycosidases by Small Artificial Binding Proteins (Affitins)}},
	volume = {9},
	year = {2014}
}

@article{shaw1995crystal,
	author = {Shaw, A and Fortes, PA and Stout, CD and Vacquier, VD},
	journal = {The Journal of Cell Biology},
	number = {5},
	pages = {1117--1125},
	publisher = {Rockefeller Univ Press},
	title = {{Crystal structure and subunit dynamics of the abalone sperm lysin dimer: egg envelopes dissociate dimers, the monomer is the active species.}},
	volume = {130},
	year = {1995}
}

@article{marcovitz2009arc,
	author = {Marcovitz, Amir and Levy, Yaakov},
	journal = {Biophysical Journal},
	number = {10},
	pages = {4212--4220},
	publisher = {Elsevier},
	title = {{Arc-repressor dimerization on DNA: folding rate enhancement by colocalization}},
	volume = {96},
	year = {2009}
}

@article{fields1989novel,
	author = {Fields, S and Song, O},
	journal = {Nature},
	number = {6230},
	pages = {245},
	title = {{A novel genetic system to detect protein-protein interactions.}},
	volume = {340},
	year = {1989}
}

@article{bartel1996protein,
	author = {Bartel, Paul L and Roecklein, Jennifer A and SenGupta, Dhruba and Fields, Stanley},
	journal = {Nature Genetics},
	number = {1},
	pages = {72--77},
	publisher = {Nature Publishing Group},
	title = {{A protein linkage map of Escherichia coli bacteriophage T7}},
	volume = {12},
	year = {1996}
}

@article{uetz2000comprehensive,
	author = {Uetz, Peter and Giot, Loic and Cagney, Gerard and Mansfield, Traci A and Judson, Richard S and Knight, James R and Lockshon, Daniel and Narayan, Vaibhav and Srinivasan, Maithreyan and Pochart, Pascale and others},
	journal = {Nature},
	number = {6770},
	pages = {623--627},
	publisher = {Nature Publishing Group},
	title = {{A comprehensive analysis of protein--protein interactions in Saccharomyces cerevisiae}},
	volume = {403},
	year = {2000}
}

@article{ito2001comprehensive,
	author = {Ito, Takashi and Chiba, Tomoko and Ozawa, Ritsuko and Yoshida, Mikio and Hattori, Masahira and Sakaki, Yoshiyuki},
	journal = {Proceedings of the National Academy of Sciences},
	number = {8},
	pages = {4569--4574},
	publisher = {National Acad Sciences},
	title = {{A comprehensive two-hybrid analysis to explore the yeast protein interactome}},
	volume = {98},
	year = {2001}
}

@article{puig2001tandem,
	author = {Puig, Oscar and Caspary, Friederike and Rigaut, Guillaume and Rutz, Berthold and Bouveret, Emmanuelle and Bragado-Nilsson, Elisabeth and Wilm, Matthias and S{\'e}raphin, Bertrand},
	journal = {Methods},
	number = {3},
	pages = {218--229},
	publisher = {Elsevier},
	title = {{The tandem affinity purification (TAP) method: a general procedure of protein complex purification}},
	volume = {24},
	year = {2001}
}

@article{di2005molecular,
	author = {{Di Tullio}, Alessandra and Reale, Samantha and {De Angelis}, Francesco},
	journal = {Journal of Mass Spectrometry},
	number = {7},
	pages = {845--865},
	publisher = {Wiley Online Library},
	title = {{Molecular recognition by mass spectrometry}},
	volume = {40},
	year = {2005}
}

@article{jansen2002relating,
	author = {Jansen, Ronald and Greenbaum, Dov and Gerstein, Mark},
	journal = {Genome Research},
	number = {1},
	pages = {37--46},
	publisher = {Cold Spring Harbor Lab},
	title = {{Relating whole-genome expression data with protein-protein interactions}},
	volume = {12},
	year = {2002}
}

@article{ooi2006global,
	author = {Ooi, Siew Loon and Pan, Xuewen and Peyser, Brian D and Ye, Ping and Meluh, Pamela B and Yuan, Daniel S and Irizarry, Rafael A and Bader, Joel S and Spencer, Forrest A and Boeke, Jef D},
	journal = {Trends in Genetics},
	number = {1},
	pages = {56--63},
	publisher = {Elsevier},
	title = {{Global synthetic-lethality analysis and yeast functional profiling}},
	volume = {22},
	year = {2006}
}

@article{yan2003analysis,
	author = {Yan, Yuling and Marriott, Gerard},
	journal = {Current Opinion in Chemical Biology},
	number = {5},
	pages = {635--640},
	publisher = {Elsevier},
	title = {{Analysis of protein interactions using fluorescence technologies}},
	volume = {7},
	year = {2003}
}

@article{ayoub2004preferential,
	author = {Ayoub, Mohammed A and Levoye, Angelique and Delagrange, Philippe and Jockers, Ralf},
	journal = {Molecular Pharmacology},
	number = {2},
	pages = {312--321},
	publisher = {ASPET},
	title = {{Preferential formation of MT1/MT2 melatonin receptor heterodimers with distinct ligand interaction properties compared with MT2 homodimers}},
	volume = {66},
	year = {2004}
}

@article{velazquez2005itc,
	author = {{Vel{\'a}zquez Campoy}, Adri{\'a}n and Freire, Ernesto},
	journal = {Biophysical Chemistry},
	number = {2},
	pages = {115--124},
	publisher = {Elsevier},
	title = {{ITC in the post-genomic era{\ldots}? Priceless}},
	volume = {115},
	year = {2005}
}

@article{shi2014disrupting,
	author = {Shi, Jian and Wang, Yifan and Zeng, Lei and Wu, Yadi and Deng, Jiong and Zhang, Qiang and Lin, Yiwei and Li, Junlin and Kang, Tiebang and Tao, Min and others},
	journal = {Cancer Cell},
	number = {2},
	pages = {210--225},
	publisher = {Elsevier},
	title = {{Disrupting the Interaction of BRD4 with diacetylated twist suppresses tumorigenesis in basal-like breast cancer}},
	volume = {25},
	year = {2014}
}

@article{dubochet1988cryo,
	author = {Dubochet, Jacques and Adrian, Marc and Chang, Jiin-Ju and Homo, Jean-Claude and Lepault, Jean and McDowall, Alasdair W and Schultz, Patrick},
	journal = {Quarterly Reviews of Biophysics},
	number = {02},
	pages = {129--228},
	publisher = {Cambridge Univ Press},
	title = {{Cryo-electron microscopy of vitrified specimens}},
	volume = {21},
	year = {1988}
}

@article{taylor1974electron,
	author = {Taylor, Kenneth A and Glaeser, Robert M},
	journal = {Science},
	number = {4168},
	pages = {1036--1037},
	publisher = {American Association for the Advancement of Science},
	title = {{Electron diffraction of frozen, hydrated protein crystals}},
	volume = {186},
	year = {1974}
}

@article{shaikh2008spider,
	author = {Shaikh, Tanvir R and Gao, Haixiao and Baxter, William T and Asturias, Francisco J and Boisset, Nicolas and Leith, Ardean and Frank, Joachim},
	journal = {Nature Protocols},
	number = {12},
	pages = {1941--1974},
	publisher = {Nature Publishing Group},
	title = {{SPIDER image processing for single-particle reconstruction of biological macromolecules from electron micrographs}},
	volume = {3},
	year = {2008}
}

@article{van1996new,
	author = {van Heel, Marin and Harauz, George and Orlova, Elena V and Schmidt, Ralf and Schatz, Michael},
	journal = {Journal of Structural Biology},
	number = {1},
	pages = {17--24},
	publisher = {Elsevier},
	title = {{A new generation of the IMAGIC image processing system}},
	volume = {116},
	year = {1996}
}

@article{grigorieff2007frealign,
	author = {Grigorieff, Nikolaus},
	journal = {Journal of Structural Biology},
	number = {1},
	pages = {117--125},
	publisher = {Elsevier},
	title = {{FREALIGN: high-resolution refinement of single particle structures}},
	volume = {157},
	year = {2007}
}

@article{zhang20103,
	author = {Zhang, Xing and Jin, Lei and Fang, Qin and Hui, Wong H and Zhou, Z Hong},
	journal = {Cell},
	number = {3},
	pages = {472--482},
	publisher = {Elsevier},
	title = {{3.3 {\AA} cryo-EM structure of a nonenveloped virus reveals a priming mechanism for cell entry}},
	volume = {141},
	year = {2010}
}

@article{cong20104,
	author = {Cong, Yao and Baker, Matthew L and Jakana, Joanita and Woolford, David and Miller, Erik J and Reissmann, Stefanie and Kumar, Ramya N and Redding-Johanson, Alyssa M and Batth, Tanveer S and Mukhopadhyay, Aindrila and others},
	journal = {Proceedings of the National Academy of Sciences},
	number = {11},
	pages = {4967--4972},
	publisher = {National Acad Sciences},
	title = {{4.0-{\AA} resolution cryo-EM structure of the mammalian chaperonin TRiC/CCT reveals its unique subunit arrangement}},
	volume = {107},
	year = {2010}
}

@article{penczek2011identifying,
	author = {Penczek, Pawel A and Kimmel, Marek and Spahn, Christian MT},
	journal = {Structure},
	number = {11},
	pages = {1582--1590},
	publisher = {Elsevier},
	title = {{Identifying conformational states of macromolecules by eigen-analysis of resampled cryo-EM images}},
	volume = {19},
	year = {2011}
}

@article{dandekar1998conservation,
	author = {Dandekar, Thomas and Snel, Berend and Huynen, Martijn and Bork, Peer},
	journal = {Trends in Biochemical Sciences},
	number = {9},
	pages = {324--328},
	publisher = {Elsevier},
	title = {{Conservation of gene order: a fingerprint of proteins that physically interact}},
	volume = {23},
	year = {1998}
}

@article{koonin2001prediction,
	author = {Koonin, Eugene V and Wolf, Yuri I and Aravind, L},
	journal = {Genome Research},
	number = {2},
	pages = {240--252},
	publisher = {Cold Spring Harbor Lab},
	title = {{Prediction of the archaeal exosome and its connections with the proteasome and the translation and transcription machineries by a comparative-genomic approach}},
	volume = {11},
	year = {2001}
}

@article{barker2005predicting,
	author = {Barker, Daniel and Pagel, Mark},
	journal = {PLoS Computational Biology},
	number = {1},
	pages = {e3},
	publisher = {Public Library of Science},
	title = {{Predicting functional gene links from phylogenetic-statistical analyses of whole genomes}},
	volume = {1},
	year = {2005}
}

@article{marcotte1999detecting,
	author = {Marcotte, Edward M and Pellegrini, Matteo and Ng, Ho-Leung and Rice, Danny W and Yeates, Todd O and Eisenberg, David},
	journal = {Science},
	number = {5428},
	pages = {751--753},
	publisher = {American Association for the Advancement of Science},
	title = {{Detecting protein function and protein-protein interactions from genome sequences}},
	volume = {285},
	year = {1999}
}

@article{pazos2001similarity,
	author = {Pazos, Florencio and Valencia, Alfonso},
	journal = {Protein Engineering},
	number = {9},
	pages = {609--614},
	publisher = {Oxford Univ Press},
	title = {{Similarity of phylogenetic trees as indicator of protein--protein interaction}},
	volume = {14},
	year = {2001}
}

@article{wodak1978computer,
	author = {Wodak, Shoshana J and Janin, Jo{\"e}l},
	journal = {Journal of Molecular Biology},
	number = {2},
	pages = {323--342},
	publisher = {Elsevier},
	title = {{Computer analysis of protein-protein interaction}},
	volume = {124},
	year = {1978}
}

@article{ritchie2008recent,
	author = {Ritchie, David W},
	journal = {Current Protein and Peptide Science},
	number = {1},
	pages = {1--15},
	publisher = {Bentham Science Publishers},
	title = {{Recent progress and future directions in protein-protein docking}},
	volume = {9},
	year = {2008}
}

@article{huang2014search,
	author = {Huang, Sheng-You},
	journal = {Drug Discovery Today},
	publisher = {Elsevier},
	title = {{Search strategies and evaluation in protein--protein docking: principles, advances and challenges}},
	year = {2014}
}

@article{katchalski1992molecular,
	author = {Katchalski-Katzir, Ephraim and Shariv, Isaac and Eisenstein, Miriam and Friesem, Asher A and Aflalo, Claude and Vakser, Ilya A},
	journal = {Proceedings of the National Academy of Sciences},
	number = {6},
	pages = {2195--2199},
	publisher = {National Acad Sciences},
	title = {{Molecular surface recognition: determination of geometric fit between proteins and their ligands by correlation techniques}},
	volume = {89},
	year = {1992}
}

@article{chen2003novel,
	author = {Chen, Rong and Weng, Zhiping},
	journal = {Proteins: Structure, Function, and Bioinformatics},
	number = {3},
	pages = {397--408},
	publisher = {Wiley Online Library},
	title = {{A novel shape complementarity scoring function for protein-protein docking}},
	volume = {51},
	year = {2003}
}

@article{ben2003weighted,
	author = {Ben-Zeev, Efrat and Eisenstein, Miriam},
	journal = {Proteins: Structure, Function, and Bioinformatics},
	number = {1},
	pages = {24--27},
	publisher = {Wiley Online Library},
	title = {{Weighted geometric docking: Incorporating external information in the rotation-translation scan}},
	volume = {52},
	year = {2003}
}

@article{gabb1997modelling,
	author = {Gabb, Henry A and Jackson, Richard M and Sternberg, Michael JE},
	journal = {Journal of Molecular Biology},
	number = {1},
	pages = {106--120},
	publisher = {Elsevier},
	title = {{Modelling protein docking using shape complementarity, electrostatics and biochemical information}},
	volume = {272},
	year = {1997}
}

@article{chen2002docking,
	author = {Chen, Rong and Weng, Zhiping},
	journal = {Proteins: Structure, Function, and Bioinformatics},
	number = {3},
	pages = {281--294},
	publisher = {Wiley Online Library},
	title = {{Docking unbound proteins using shape complementarity, desolvation, and electrostatics}},
	volume = {47},
	year = {2002}
}

@article{mintseris2007integrating,
	author = {Mintseris, Julian and Pierce, Brian and Wiehe, Kevin and Anderson, Robert and Chen, Rong and Weng, Zhiping},
	journal = {Proteins: Structure, Function, and Bioinformatics},
	number = {3},
	pages = {511--520},
	publisher = {Wiley Online Library},
	title = {{Integrating statistical pair potentials into protein complex prediction}},
	volume = {69},
	year = {2007}
}

@article{vakser1997evaluation,
	author = {Vakser, Ilya A},
	journal = {Proteins: Structure, Function, and Bioinformatics},
	number = {S1},
	pages = {226--230},
	publisher = {Wiley Online Library},
	title = {{Evaluation of GRAMM low-resolution docking methodology on the hemagglutinin-antibody complex}},
	volume = {29},
	year = {1997}
}

@article{pierce2011accelerating,
	author = {Pierce, Brian G and Hourai, Yuichiro and Weng, Zhiping},
	journal = {PloS One},
	number = {9},
	pages = {e24657},
	publisher = {Public Library of Science},
	title = {{Accelerating protein docking in ZDOCK using an advanced 3D convolution library}},
	volume = {6},
	year = {2011}
}

@article{kozakov2006piper,
	author = {Kozakov, Dima and Brenke, Ryan and Comeau, Stephen R and Vajda, Sandor},
	journal = {Proteins: Structure, Function, and Bioinformatics},
	number = {2},
	pages = {392--406},
	publisher = {Wiley Online Library},
	title = {{PIPER: An FFT-based protein docking program with pairwise potentials}},
	volume = {65},
	year = {2006}
}

@article{garzon2009frodock,
	author = {Garzon, Jos{\'e} Ignacio and Lop{\'e}z-Blanco, Jos{\'e} Ram{\'o}n and Pons, Carles and Kovacs, Julio and Abagyan, Ruben and Fernandez-Recio, Juan and Chacon, Pablo},
	journal = {Bioinformatics},
	number = {19},
	pages = {2544--2551},
	publisher = {Oxford Univ Press},
	title = {{FRODOCK: a new approach for fast rotational protein--protein docking}},
	volume = {25},
	year = {2009}
}

@article{ritchie2000protein,
	author = {Ritchie, David W and Kemp, Graham JL},
	journal = {Proteins: Structure, Function, and Bioinformatics},
	number = {2},
	pages = {178--194},
	publisher = {Wiley Online Library},
	title = {{Protein docking using spherical polar Fourier correlations}},
	volume = {39},
	year = {2000}
}

@article{jiang1991soft,
	author = {Jiang, Fan and Kim, Sung-Hou},
	journal = {Journal of Molecular Biology},
	number = {1},
	pages = {79--102},
	publisher = {Elsevier},
	title = {{``Soft docking'': matching of molecular surface cubes}},
	volume = {219},
	year = {1991}
}

@article{terashi2007ske,
	author = {Terashi, Genki and Takeda-Shitaka, Mayuko and Kanou, Kazuhiko and Iwadate, Mitsuo and Takaya, Daisuke and Umeyama, Hideaki},
	journal = {Proteins: Structure, Function, and Bioinformatics},
	number = {4},
	pages = {866--872},
	publisher = {Wiley Online Library},
	title = {{The SKE-DOCK server and human teams based on a combined method of shape complementarity and free energy estimation}},
	volume = {69},
	year = {2007}
}

@article{venkatraman2009protein,
	author = {Venkatraman, Vishwesh and Yang, Yifeng D and Sael, Lee and Kihara, Daisuke},
	journal = {BMC Bioinformatics},
	number = {1},
	pages = {407},
	publisher = {BioMed Central Ltd},
	title = {{Protein-protein docking using region-based 3D Zernike descriptors}},
	volume = {10},
	year = {2009}
}

@article{gardiner2001protein,
	author = {Gardiner, Eleanor J and Willett, Peter and Artymiuk, Peter J},
	journal = {Proteins: Structure, Function, and Bioinformatics},
	number = {1},
	pages = {44--56},
	publisher = {Wiley Online Library},
	title = {{Protein docking using a genetic algorithm}},
	volume = {44},
	year = {2001}
}

@incollection{duhovny2002efficient,
	author = {Duhovny, Dina and Nussinov, Ruth and Wolfson, Haim J},
	booktitle = {{Algorithms in Bioinformatics}},
	pages = {185--200},
	publisher = {Springer},
	title = {{Efficient unbound docking of rigid molecules}},
	year = {2002}
}

@article{gray2003protein,
	author = {Gray, Jeffrey J and Moughon, Stewart and Wang, Chu and Schueler-Furman, Ora and Kuhlman, Brian and Rohl, Carol A and Baker, David},
	journal = {Journal of Molecular Biology},
	number = {1},
	pages = {281--299},
	publisher = {Elsevier},
	title = {{Protein--protein docking with simultaneous optimization of rigid-body displacement and side-chain conformations}},
	volume = {331},
	year = {2003}
}

@article{zacharias2003protein,
	author = {Zacharias, Martin},
	journal = {Protein Science},
	number = {6},
	pages = {1271--1282},
	publisher = {Wiley Online Library},
	title = {{Protein--protein docking with a reduced protein model accounting for side-chain flexibility}},
	volume = {12},
	year = {2003}
}

@article{dominguez2003haddock,
	author = {Dominguez, Cyril and Boelens, Rolf and Bonvin, Alexandre MJJ},
	journal = {Journal of the American Chemical Society},
	number = {7},
	pages = {1731--1737},
	publisher = {ACS Publications},
	title = {{HADDOCK: a protein-protein docking approach based on biochemical or biophysical information}},
	volume = {125},
	year = {2003}
}

@article{schneidman2005geometry,
	author = {Schneidman-Duhovny, Dina and Inbar, Yuval and Nussinov, Ruth and Wolfson, Haim J},
	journal = {Proteins: Structure, Function, and Bioinformatics},
	number = {2},
	pages = {224--231},
	publisher = {Wiley Online Library},
	title = {{Geometry-based flexible and symmetric protein docking}},
	volume = {60},
	year = {2005}
}

@article{andre2007prediction,
	author = {Andr{\'e}, Ingemar and Bradley, Philip and Wang, Chu and Baker, David},
	journal = {Proceedings of the National Academy of Sciences},
	number = {45},
	pages = {17656--17661},
	publisher = {National Acad Sciences},
	title = {{Prediction of the structure of symmetrical protein assemblies}},
	volume = {104},
	year = {2007}
}

@article{pierce2005m,
	author = {Pierce, Brian and Tong, Weiwei and Weng, Zhiping},
	journal = {Bioinformatics},
	number = {8},
	pages = {1472--1478},
	publisher = {Oxford Univ Press},
	title = {{M-ZDOCK: a grid-based approach for Cn symmetric multimer docking}},
	volume = {21},
	year = {2005}
}

@article{inbar2005prediction,
	author = {Inbar, Yuval and Benyamini, Hadar and Nussinov, Ruth and Wolfson, Haim J},
	journal = {Journal of Molecular Biology},
	number = {2},
	pages = {435--447},
	publisher = {Elsevier},
	title = {{Prediction of multimolecular assemblies by multiple docking}},
	volume = {349},
	year = {2005}
}

@article{kim2008coarse,
	author = {Kim, Young C and Hummer, Gerhard},
	journal = {Journal of Molecular Biology},
	number = {5},
	pages = {1416--1433},
	publisher = {Elsevier},
	title = {{Coarse-grained models for simulations of multiprotein complexes: application to ubiquitin binding}},
	volume = {375},
	year = {2008}
}

@article{esquivel2012multi,
	author = {Esquivel-Rodr{\'i}guez, Juan and Yang, Yifeng David and Kihara, Daisuke},
	journal = {Proteins: Structure, Function, and Bioinformatics},
	number = {7},
	pages = {1818--1833},
	publisher = {Wiley Online Library},
	title = {{Multi-LZerD: Multiple protein docking for asymmetric complexes}},
	volume = {80},
	year = {2012}
}

@article{popov2014docktrina,
	author = {Popov, Petr and Ritchie, David W and Grudinin, Sergei},
	journal = {Proteins: Structure, Function, and Bioinformatics},
	number = {1},
	pages = {34--44},
	publisher = {Wiley Online Library},
	title = {{DockTrina: Docking triangular protein trimers}},
	volume = {82},
	year = {2014}
}

@online{PetrisonE2013visualizing,
	author = {Petrisor, Emilia},
	title = {{Visualizing complex-valued functions with Matplotlib and Mayavi}},
	url = {http://nbviewer.ipython.org/github/empet/Math/blob/master/DomainColoring.ipynb}
}

@article{buckle1994protein,
	author = {Buckle, Ashley M and Schreiber, Gideon and Fersht, Alan R},
	journal = {Biochemistry},
	number = {30},
	pages = {8878--8889},
	publisher = {ACS Publications},
	title = {{Protein-protein recognition: Crystal structural analysis of a barnase-barstar complex at 2.0-. ANG. resolution}},
	volume = {33},
	year = {1994}
}

@article{ben2002molecular,
	author = {Ben-Naim, A},
	journal = {Biophysical Chemistry},
	pages = {309--319},
	publisher = {Elsevier},
	title = {{Molecular recognition---viewed through the eyes of the solvent}},
	volume = {101},
	year = {2002}
}

@article{huggins2011systematic,
	author = {Huggins, David J and Tidor, Bruce},
	journal = {Protein Engineering Design and Selection},
	number = {10},
	pages = {777--789},
	publisher = {Oxford Univ Press},
	title = {{Systematic placement of structural water molecules for improved scoring of protein--ligand interactions}},
	volume = {24},
	year = {2011}
}

@article{forli2012force,
	author = {Forli, Stefano and Olson, Arthur J},
	journal = {Journal of Medicinal Chemistry},
	number = {2},
	pages = {623--638},
	publisher = {ACS Publications},
	title = {{A force field with discrete displaceable waters and desolvation entropy for hydrated ligand docking}},
	volume = {55},
	year = {2012}
}

@article{wang2011ligand,
	author = {Wang, Lingle and Berne, BJ and Friesner, RA},
	journal = {Proceedings of the National Academy of Sciences},
	number = {4},
	pages = {1326--1330},
	publisher = {National Acad Sciences},
	title = {{Ligand binding to protein-binding pockets with wet and dry regions}},
	volume = {108},
	year = {2011}
}

@article{ross2012rapid,
	author = {Ross, Gregory A and Morris, Garrett M and Biggin, Philip C},
	journal = {PloS One},
	number = {3},
	pages = {e32036},
	publisher = {Public Library of Science},
	title = {{Rapid and accurate prediction and scoring of water molecules in protein binding sites}},
	volume = {7},
	year = {2012}
}

@article{jiang2005solvated,
	author = {Jiang, Lin and Kuhlman, Brian and Kortemme, Tanja and Baker, David},
	journal = {Proteins: Structure, Function, and Bioinformatics},
	number = {4},
	pages = {893--904},
	publisher = {Wiley Online Library},
	title = {{A ``solvated rotamer'' approach to modeling water-mediated hydrogen bonds at protein--protein interfaces}},
	volume = {58},
	year = {2005}
}

@article{bui2007watgen,
	author = {Bui, Huynh-Hoa and Schiewe, Alexandra J and Haworth, Ian S},
	journal = {Journal of Computational Chemistry},
	number = {14},
	pages = {2241--2251},
	publisher = {Wiley Online Library},
	title = {{WATGEN: an algorithm for modeling water networks at protein--protein interfaces}},
	volume = {28},
	year = {2007}
}

@article{kastritis2013solvated,
	author = {Kastritis, Panagiotis L and Visscher, Koen M and van Dijk, Aalt DJ and Bonvin, Alexandre MJJ},
	journal = {Proteins: Structure, Function, and Bioinformatics},
	number = {3},
	pages = {510--518},
	publisher = {Wiley Online Library},
	title = {{Solvated protein--protein docking using Kyte-Doolittle-based water preferences}},
	volume = {81},
	year = {2013}
}

@article{ahmad2011adhesive,
	author = {Ahmad, Mazen and Gu, Wei and Geyer, Tiham{\'e}r and Helms, Volkhard},
	journal = {Nature Communications},
	pages = {261},
	publisher = {Nature Publishing Group},
	title = {{Adhesive water networks facilitate binding of protein interfaces}},
	volume = {2},
	year = {2011}
}

@article{lensink2014blind,
	author = {Lensink, Marc F and Moal, Iain H and Bates, Paul A and Kastritis, Panagiotis L and Melquiond, Adrien SJ and Karaca, Ezgi and Schmitz, Christophe and Dijk, Marc and Bonvin, Alexandre MJJ and Eisenstein, Miriam and others},
	journal = {Proteins: Structure, Function, and Bioinformatics},
	number = {4},
	pages = {620--632},
	publisher = {Wiley Online Library},
	title = {{Blind prediction of interfacial water positions in CAPRI}},
	volume = {82},
	year = {2014}
}

@article{li2010detection,
	author = {Li, Xiaofan and Moal, Iain H and Bates, Paul A},
	journal = {Proteins: Structure, Function, and Bioinformatics},
	number = {15},
	pages = {3189--3196},
	publisher = {Wiley Online Library},
	title = {{Detection and refinement of encounter complexes for protein--protein docking: taking account of macromolecular crowding}},
	volume = {78},
	year = {2010}
}

@article{zhou2002distance,
	author = {Zhou, Hongyi and Zhou, Yaoqi},
	journal = {Protein Science},
	number = {11},
	pages = {2714--2726},
	publisher = {Wiley Online Library},
	title = {{Distance-scaled, finite ideal-gas reference state improves structure-derived potentials of mean force for structure selection and stability prediction}},
	volume = {11},
	year = {2002}
}

@article{miyazawa1999self,
	author = {Miyazawa, Sanzo and Jernigan, Robert L},
	journal = {Proteins: Structure, Function, and Bioinformatics},
	number = {1},
	pages = {49--68},
	publisher = {Wiley Online Library},
	title = {{Self-consistent estimation of inter-residue protein contact energies based on an equilibrium mixture approximation of residues}},
	volume = {34},
	year = {1999}
}

