@comment{x-kbibtex-personnameformatting=<%l><, %f>}

%% This BibTeX bibliography file was created using BibDesk.
%% http://bibdesk.sourceforge.net/

%% Created for Sergei Grudinin at 2013-09-15 12:17:53 +0200 

%% Saved with string encoding Unicode (UTF-8) 

@webpage{SAMSON,
	bdsk-url-1 = {http://nano-d.inrialpes.fr/software},
	date-added = {2013-01-21 09:18:56 +0000},
	date-modified = {2013-01-21 09:44:30 +0000},
	title = {{SAMSON}},
	url = {http://nano-d.inrialpes.fr/software}
}

@article{Baker2007,
	author = {Baker, M.L. and Ju, T. and Chiu, W.},
	journal = {Structure},
	number = {1},
	pages = {7--19},
	publisher = {Elsevier},
	title = {{Identification of secondary structure elements in intermediate-resolution density maps}},
	volume = {15},
	year = {2007}
}

@article{Berman2000,
	author = {Berman, H.M. and Westbrook, J. and Feng, Z. and Gilliland, G. and Bhat, TN and Weissig, H. and Shindyalov, I.N. and Bourne, P.E.},
	journal = {Nucleic Acids Research},
	number = {1},
	pages = {235--242},
	publisher = {Oxford Univ Press},
	title = {{The protein data bank}},
	volume = {28},
	year = {2000}
}

@article{Chacon2002,
	author = {Chac{\'o}n, P. and Wriggers, W.},
	journal = {Journal of Molecular Biology},
	number = {3},
	pages = {375--384},
	publisher = {London, New York, Academic Press.},
	title = {{Multi-resolution contour-based fitting of macromolecular structures}},
	volume = {317},
	year = {2002}
}

@article{Dokland1997,
	author = {Dokland, T. and McKenna, R. and Ilag, L.L. and Bowman, B.R. and Incardona, N.L. and Fane, B.A. and Rossmann, M.G.},
	journal = {Nature},
	number = {6648},
	pages = {308--313},
	publisher = {Nature Publishing Group},
	title = {{Structure of a viral procapsid with molecular scaffolding}},
	volume = {389},
	year = {1997}
}

@article{Gabb1997,
	author = {Gabb, H.A. and Jackson, R.M. and Sternberg, M.J.E.},
	journal = {Journal of Molecular Biology},
	number = {1},
	pages = {106--120},
	publisher = {Elsevier Science},
	title = {{Modelling protein docking using shape complementarity, electrostatics and biochemical information}},
	volume = {272},
	year = {1997}
}

@article{Guimond2009,
	aaurl = {http://pubs.acs.org/doi/abs/10.1021/bi9713052},
	author = {Hu, Shu-Hong and Gehrmann, John and Alewood, Paul F. and Craik, David J. and Martin, Jennifer L.},
	bdsk-url-1 = {http://dx.doi.org/10.1021/bi9713052},
	doi = {10.1021/bi9713052},
	eprint = {http://pubs.acs.org/doi/pdf/10.1021/bi9713052},
	journal = {Biochemistry},
	number = {38},
	pages = {11323--11330},
	title = {{Crystal Structure at 1.1 A Resolution of alpha-Conotoxin PnIB: Comparison with alpha-Conotoxins PnIA and GI}},
	volume = {36},
	year = {1997}
}

@article{Katchalski-Katzir1992,
	author = {Katchalski-Katzir, E. and Shariv, I. and Eisenstein, M. and Friesem, A.A. and Aflalo, C. and Vakser, I.A.},
	journal = {Proceedings of the National Academy of Sciences},
	number = {6},
	pages = {2195--2199},
	publisher = {National Acad Sciences},
	title = {{Molecular surface recognition: determination of geometric fit between proteins and their ligands by correlation techniques}},
	volume = {89},
	year = {1992}
}

@article{Kleywegt2004,
	author = {Kleywegt, G.J. and Harris, M.R. and Zou, J. and Taylor, T.C. and Wahlby, A. and Jones, T.A.},
	journal = {Acta Crystallographica Section D: Biological Crystallography},
	number = {12},
	pages = {2240--2249},
	publisher = {International Union of Crystallography},
	title = {{The Uppsala electron-density server}},
	volume = {60},
	year = {2004}
}

@article{Kostyuchenko1999,
	author = {Kostyuchenko, V.A. and Navruzbekov, G.A. and Kurochkina, L.P. and Strelkov, S.V. and Mesyanzhinov, V.V. and Rossmann, M.G.},
	journal = {Structure},
	number = {10},
	pages = {1213--1222},
	publisher = {Elsevier},
	title = {{The structure of bacteriophage T4 gene product 9: the trigger for tail contraction}},
	volume = {7},
	year = {1999}
}

@article{Kovacs2002,
	author = {Kovacs, J.A. and Wriggers, W.},
	journal = {Acta Crystallographica Section D: Biological Crystallography},
	number = {8},
	pages = {1282--1286},
	publisher = {International Union of Crystallography},
	title = {{Fast rotational matching}},
	volume = {58},
	year = {2002}
}

@article{Kovacs2003,
	author = {Kovacs, J.A. and Chac{\'o}n, P. and Cong, Y. and Metwally, E. and Wriggers, W.},
	journal = {Acta Crystallographica Section D: Biological Crystallography},
	number = {8},
	pages = {1371--1376},
	publisher = {International Union of Crystallography},
	title = {{Fast rotational matching of rigid bodies by fast Fourier transform acceleration of five degrees of freedom}},
	volume = {59},
	year = {2003}
}

@article{Navaza2002,
	author = {Navaza, J. and Lepault, J. and Rey, FA and Alvarez-Rua, C. and Borge, J.},
	journal = {Acta Crystallographica Section D: Biological Crystallography},
	number = {10},
	pages = {1820--1825},
	publisher = {International Union of Crystallography},
	title = {{On the fitting of model electron densities into EM reconstructions: a reciprocal-space formulation}},
	volume = {58},
	year = {2002}
}

@article{Okorokov2006,
	author = {Okorokov, A.L. and Sherman, M.B. and Plisson, C. and Grinkevich, V. and Sigmundsson, K. and Selivanova, G. and Milner, J. and Orlova, E.V.},
	journal = {The EMBO Journal},
	number = {21},
	pages = {5191--5200},
	publisher = {Nature Publishing Group},
	title = {{The structure of p53 tumour suppressor protein reveals the basis for its functional plasticity}},
	volume = {25},
	year = {2006}
}

@article{Park2010,
	author = {Park, W. and Leibon, G. and Rockmore, D.N. and Chirikjian, G.S.},
	journal = {IEEE Transactions on Image Processing},
	number = {9},
	pages = {1988--2003},
	publisher = {IEEE Press},
	title = {{Accurate image rotation using Hermite expansions}},
	volume = {18},
	year = {2009}
}

@article{Remaut2006,
	author = {Remaut, H. and Rose, R.J. and Hannan, T.J. and Hultgren, S.J. and Radford, S.E. and Ashcroft, A.E. and Waksman, G.},
	journal = {Molecular Cell},
	number = {6},
	pages = {831--842},
	publisher = {Elsevier},
	title = {{Donor-strand exchange in chaperone-assisted pilus assembly proceeds through a concerted $\beta$ strand displacement mechanism}},
	volume = {22},
	year = {2006}
}

@article{Math1995,
	author = {Ricci, P.E.},
	journal = {Computers \& Mathematics with Applications},
	number = {3},
	pages = {409--416},
	publisher = {Elsevier},
	title = {{Improving the asymptotics for the greatest zeros of Hermite polynomials}},
	volume = {30},
	year = {1995}
}

@article{Rossmann2001,
	author = {Rossmann, M.G. and Bernal, R. and Pletnev, S.V.},
	journal = {Journal of Structural Biology},
	number = {3},
	pages = {190--200},
	publisher = {Elsevier},
	title = {{Combining electron microscopic with X-ray crystallographic structures}},
	volume = {136},
	year = {2001}
}

@article{Salih2008,
	author = {Salih, O. and Remaut, H. and Waksman, G. and Orlova, E.V.},
	journal = {Journal of Molecular Biology},
	number = {1},
	pages = {174--187},
	publisher = {Elsevier},
	title = {{Structural analysis of the Saf pilus by electron microscopy and image processing}},
	volume = {379},
	year = {2008}
}

@article{Siebert2009,
	author = {Siebert, X. and Navaza, J.},
	journal = {Acta Crystallographica Section D: Biological Crystallography},
	number = {7},
	pages = {651--658},
	publisher = {International Union of Crystallography},
	title = {{UROX 2.0: an interactive tool for fitting atomic models into electron-microscopy reconstructions}},
	volume = {65},
	year = {2009}
}

@article{Suhre2006,
	author = {Suhre, K. and Navaza, J. and Sanejouand, Y.H.},
	journal = {Acta Crystallographica Section D: Biological Crystallography},
	number = {9},
	pages = {1098--1100},
	publisher = {International Union of Crystallography},
	title = {{NORMA: a tool for flexible fitting of high-resolution protein structures into low-resolution electron-microscopy-derived density maps}},
	volume = {62},
	year = {2006}
}

@article{Tama2004,
	author = {Tama, F. and Miyashita, O. and {Brooks 3rd}, C.L. and others},
	journal = {Journal of Molecular Biology},
	number = {4},
	pages = {985},
	title = {{Flexible multi-scale fitting of atomic structures into low-resolution electron density maps with elastic network normal mode analysis.}},
	volume = {337},
	year = {2004}
}

@article{Vasishtan2011,
	author = {Vasishtan, D. and Topf, M.},
	journal = {Journal of Structural Biology},
	number = {2},
	pages = {333--343},
	publisher = {Elsevier},
	title = {{Scoring functions for cryoEM density fitting}},
	volume = {174},
	year = {2011}
}

@article{Volkmann1999,
	author = {Volkmann, N. and Hanein, D.},
	journal = {Journal of Structural Biology},
	number = {2},
	pages = {176--184},
	publisher = {Elsevier},
	title = {{Quantitative fitting of atomic models into observed densities derived by electron microscopy}},
	volume = {125},
	year = {1999}
}

@article{Wriggers2010,
	author = {Wriggers, W.},
	journal = {Biophysical Reviews},
	number = {1},
	pages = {21--27},
	publisher = {Springer},
	title = {{Using Situs for the integration of multi-resolution structures}},
	volume = {2},
	year = {2010}
}

@article{stone2008uniqueness,
	author = {Stone, H.S. and Williams, L.R.},
	journal = {NEC Labs America, Princeton NJ. Online: http://citeseer.ist.psu.edu/176038.html, accessed online},
	publisher = {Citeseer},
	title = {{On the uniqueness of the convolution theorem for the Fourier transform}},
	volume = {19},
	year = {2008}
}

@article{Stone:1998,
	aaurl = {http://dx.doi.org/10.1109/78.720385},
	acmid = {2201323},
	address = {Piscataway, NJ, USA},
	author = {Stone, H.S.},
	bdsk-url-1 = {http://dx.doi.org/10.1109/78.720385},
	doi = {10.1109/78.720385},
	issn = {1053-587X},
	issue_date = {October 1998},
	journal = {IEEE Transactions on Signal Processing},
	month = oct,
	number = {10},
	numpages = {3},
	pages = {2819--2821},
	publisher = {IEEE Press},
	title = {{Convolution theorems for linear transforms}},
	volume = {46},
	year = {1998}
}

@article{cheng2009advent,
	author = {Cheng, Y. and Walz, T.},
	journal = {Annual Review of Biochemistry},
	pages = {723--742},
	publisher = {Annual Reviews},
	title = {{The advent of near-atomic resolution in single-particle electron microscopy}},
	volume = {78},
	year = {2009}
}

@article{garzon2007adp_em,
	author = {Garz{\'o}n, Jos{\'e} Ignacio and Kovacs, Julio and Abagyan, Ruben and Chac{\'o}n, Pablo},
	journal = {Bioinformatics},
	number = {4},
	pages = {427--433},
	publisher = {Oxford Univ Press},
	title = {{ADP\_EM: fast exhaustive multi-resolution docking for high-throughput coverage}},
	volume = {23},
	year = {2007}
}

@article{leibon2008fast,
	author = {Leibon, Gregory and Rockmore, Daniel N and Park, Wooram and Taintor, Robert and Chirikjian, Gregory S},
	journal = {Theoretical Computer Science},
	number = {2},
	pages = {211--228},
	publisher = {Elsevier},
	title = {{A fast Hermite transform}},
	volume = {409},
	year = {2008}
}

@article{saff1997distributing,
	author = {Saff, Edward B and Kuijlaars, A BJ},
	journal = {The Mathematical Intelligencer},
	number = {1},
	pages = {5--11},
	publisher = {Springer},
	title = {{Distributing many points on a sphere}},
	volume = {19},
	year = {1997}
}

@article{greengard1991fast,
	author = {Greengard, Leslie and Strain, John},
	journal = {SIAM Journal on Scientific and Statistical Computing},
	number = {1},
	pages = {79--94},
	publisher = {SIAM},
	title = {{The fast Gauss transform}},
	volume = {12},
	year = {1991}
}

@article{navaza2002computation,
	author = {Navaza, Jorge},
	journal = {Acta Crystallographica Section A: Foundations of Crystallography},
	number = {6},
	pages = {568--573},
	publisher = {International Union of Crystallography},
	title = {{On the computation of structure factors by FFT techniques}},
	volume = {58},
	year = {2002}
}

@article{ten1977efficient,
	author = {{Ten Eyck}, Lynn F},
	journal = {Acta Crystallographica Section A: Crystal Physics, Diffraction, Theoretical and General Crystallography},
	number = {3},
	pages = {486--492},
	publisher = {International Union of Crystallography},
	title = {{Efficient structure-factor calculation for large molecules by the fast Fourier transform}},
	volume = {33},
	year = {1977}
}

@article{sayre1951calculation,
	author = {Sayre, D},
	journal = {Acta Crystallographica},
	number = {4},
	pages = {362--367},
	publisher = {International Union of Crystallography},
	title = {{The calculation of structure factors by Fourier summation}},
	volume = {4},
	year = {1951}
}

@article{afonine2003fast,
	author = {Afonine, PV and Urzhumtsev, A},
	date-modified = {2013-09-15 10:14:43 +0000},
	journal = {Acta Crystallographica Section A: Foundations of Crystallography},
	number = {1},
	pages = {19--32},
	publisher = {International Union of Crystallography},
	title = {{On a fast calculation of structure factors at a subatomic resolution}},
	volume = {60},
	year = {2004}
}

@article{navaza1995fast,
	author = {Navaza, J and Vernoslova, E},
	journal = {Acta Crystallographica Section A: Foundations of Crystallography},
	number = {4},
	pages = {445--449},
	publisher = {International Union of Crystallography},
	title = {{On the fast translation functions for molecular replacement}},
	volume = {51},
	year = {1995}
}

@inbook{rossmann1972molecular,
	author = {Crowther, T.},
	editor = {Rossmann, M.G.},
	lccn = {lc79109088},
	pages = {173--178},
	publisher = {Gordon and Breach},
	series = {{International science review series}},
	title = {{The molecular replacement method}},
	year = {1972}
}

@book{stout1968x,
	author = {Stout, George H and Jensen, Lyle H},
	publisher = {Macmillan New York},
	title = {{X-ray structure determination: a practical guide}},
	volume = {2},
	year = {1968}
}

@book{chitode2009digital,
	author = {Chitode, J.S.},
	isbn = {9788184315103},
	publisher = {Technical Publications},
	title = {{Digital Signal Processing}},
	year = {2009}
}

@article{frigo2005design,
	author = {Frigo, Matteo and Johnson, Steven G},
	journal = {Proceedings of the IEEE},
	number = {2},
	pages = {216--231},
	publisher = {IEEE},
	title = {{The design and implementation of FFTW3}},
	volume = {93},
	year = {2005}
}

@article{Mehler1866ueber,
	author = {Mehler, F Gustav},
	journal = {Journal f{\"u}r die reine und angewandte Mathematik},
	pages = {161--176},
	title = {{Ueber die Entwicklung einer Function von beliebig vielen Variablen nach Laplaceschen Functionen h{\"o}herer Ordnung.}},
	volume = {66},
	year = {1866}
}

@article{kruskal1989rank,
	author = {Kruskal, Joseph B},
	journal = {Multiway Data Analysis},
	publisher = {Amsterdam, North-Holland},
	title = {{Rank, decomposition, and uniqueness for 3-way and N-way arrays}},
	volume = {33},
	year = {1989}
}

@article{kolda2009tensor,
	author = {Kolda, Tamara G and Bader, Brett W},
	journal = {SIAM Review},
	number = {3},
	pages = {455--500},
	publisher = {SIAM},
	title = {{Tensor decompositions and applications}},
	volume = {51},
	year = {2009}
}

@misc{TTB_Software,
	author = {Bader, Brett W. and Kolda, Tamara G. and others},
	howpublished = {Available online},
	month = {January},
	title = {{MATLAB Tensor Toolbox Version 2.5}},
	url = {http://www.sandia.gov/~tgkolda/TensorToolbox/},
	year = {2012}
}

@article{hu1962visual,
	author = {Hu, Ming-Kuei},
	journal = {Information Theory, IRE Transactions on},
	number = {2},
	pages = {179--187},
	publisher = {IEEE},
	title = {{Visual pattern recognition by moment invariants}},
	volume = {8},
	year = {1962}
}

@article{hickman2012geometric,
	author = {Hickman, Mark S},
	journal = {Journal of Mathematical Imaging and Vision},
	number = {3},
	pages = {223--235},
	publisher = {Springer},
	title = {{Geometric moments and their invariants}},
	volume = {44},
	year = {2012}
}

@inproceedings{diao2009linear,
	author = {Diao, Lu Hong and Li, Hua and Zhang, Sen and Liu, Lei},
	booktitle = {{CAD/Graphics}},
	pages = {162--165},
	title = {{Linear independent moment invariant sets.}},
	year = {2009}
}

@book{flusser2009moments,
	author = {Flusser, Jan and Zitova, Barbara and Suk, Tomas},
	publisher = {John Wiley \& Sons},
	title = {{Moments and moment invariants in pattern recognition}},
	year = {2009}
}

@inproceedings{taubin1991recognition,
	author = {Taubin, Gabriel and Cooper, David B},
	booktitle = {{San Diego,'91, San Diego, CA}},
	organization = {International Society for Optics and Photonics},
	pages = {175--186},
	title = {{Recognition and positioning of rigid objects using algebraic moment invariants}},
	year = {1991}
}

@article{hosny2010new,
	author = {Hosny, Khalid M},
	journal = {International Journal of Electrical, Computer, and Systems Engineering},
	number = {3},
	pages = {735--747},
	title = {{New set of rotationally Legendre moment invariants}},
	volume = {4},
	year = {2010}
}

@article{venkatraman2009protein,
	author = {Venkatraman, Vishwesh and Yang, Yifeng D and Sael, Lee and Kihara, Daisuke},
	journal = {BMC Bioinformatics},
	number = {1},
	pages = {407},
	publisher = {BioMed Central Ltd},
	title = {{Protein-protein docking using region-based 3D Zernike descriptors}},
	volume = {10},
	year = {2009}
}

@article{mak2008extension,
	author = {Mak, Lora and Grandison, Scott and Morris, Richard J},
	journal = {Journal of Molecular Graphics and Modelling},
	number = {7},
	pages = {1035--1045},
	publisher = {Elsevier},
	title = {{An extension of spherical harmonics to region-based rotationally invariant descriptors for molecular shape description and comparison}},
	volume = {26},
	year = {2008}
}

@article{yang2011image,
	author = {Yang, Bo and Dai, Mo},
	journal = {Signal Processing},
	number = {10},
	pages = {2290--2303},
	publisher = {Elsevier},
	title = {{Image analysis by Gaussian--Hermite moments}},
	volume = {91},
	year = {2011}
}

@inproceedings{rahman2013low,
	author = {Rahman, SM and Reza, M Masud and Hasani, QM},
	booktitle = {{Image and Signal Processing and Analysis (ISPA), 2013 8th International Symposium on}},
	organization = {IEEE},
	pages = {142--146},
	title = {{Low-complexity iris recognition method using 2D Gauss-Hermite moments}},
	year = {2013}
}

@article{popov2014rapid,
	author = {Popov, Petr and Grudinin, Sergei},
	journal = {Journal of Computational Chemistry},
	number = {12},
	pages = {950--956},
	publisher = {Wiley Online Library},
	title = {{Rapid determination of RMSDs corresponding to macromolecular rigid body motions}},
	volume = {35},
	year = {2014}
}

@article{ritchie2008accelerating,
	author = {Ritchie, David W and Kozakov, Dima and Vajda, Sandor},
	journal = {Bioinformatics},
	number = {17},
	pages = {1865--1873},
	publisher = {Oxford Univ Press},
	title = {{Accelerating and focusing protein--protein docking correlations using multi-dimensional rotational FFT generating functions}},
	volume = {24},
	year = {2008}
}

